%YAML 1.1
%TAG !u! tag:unity3d.com,2011:
--- !u!114 &719853382
MonoBehaviour:
  m_ObjectHideFlags: 0
  m_CorrespondingSourceObject: {fileID: 0}
  m_PrefabInstance: {fileID: 0}
  m_PrefabAsset: {fileID: 0}
  m_GameObject: {fileID: 9136231705070900427}
  m_Enabled: 1
  m_EditorHideFlags: 0
  m_Script: {fileID: 11500000, guid: 3d057af9076adc5d5af9e2607dddcde4, type: 3}
  m_Name: 
  m_EditorClassIdentifier: 
  speed: 3
  door: {fileID: 4519489288234987659}
  light: {fileID: 1501608588952354202}
  doorLight: {fileID: 748014368124121826}
  OpenDoorEvent:
    m_PersistentCalls:
      m_Calls: []
    m_TypeName: UnityEngine.Events.UnityEvent, UnityEngine.CoreModule, Version=0.0.0.0,
      Culture=neutral, PublicKeyToken=null
--- !u!1 &2870452693845058252
GameObject:
  m_ObjectHideFlags: 0
  m_CorrespondingSourceObject: {fileID: 0}
  m_PrefabInstance: {fileID: 0}
  m_PrefabAsset: {fileID: 0}
  serializedVersion: 6
  m_Component:
  - component: {fileID: 8049647918760064731}
  - component: {fileID: 1501608588952354202}
  m_Layer: 9
  m_Name: Spot Light
  m_TagString: Untagged
  m_Icon: {fileID: 0}
  m_NavMeshLayer: 0
  m_StaticEditorFlags: 0
  m_IsActive: 1
--- !u!4 &8049647918760064731
Transform:
  m_ObjectHideFlags: 0
  m_CorrespondingSourceObject: {fileID: 0}
  m_PrefabInstance: {fileID: 0}
  m_PrefabAsset: {fileID: 0}
  m_GameObject: {fileID: 2870452693845058252}
  m_LocalRotation: {x: 0.6773819, y: -0.20286408, z: -0.20286408, w: 0.6773819}
  m_LocalPosition: {x: 3.067, y: 1.95, z: 0}
  m_LocalScale: {x: 1, y: 1, z: 1}
  m_Children: []
  m_Father: {fileID: 7920116029214512679}
  m_RootOrder: 0
  m_LocalEulerAnglesHint: {x: 123.343994, y: 89.99999, z: 89.99999}
--- !u!108 &1501608588952354202
Light:
  m_ObjectHideFlags: 0
  m_CorrespondingSourceObject: {fileID: 0}
  m_PrefabInstance: {fileID: 0}
  m_PrefabAsset: {fileID: 0}
  m_GameObject: {fileID: 2870452693845058252}
  m_Enabled: 1
  serializedVersion: 9
  m_Type: 0
  m_Color: {r: 1, g: 1, b: 1, a: 1}
  m_Intensity: 10
  m_Range: 10
  m_SpotAngle: 64.22685
  m_InnerSpotAngle: 21.802082
  m_CookieSize: 10
  m_Shadows:
    m_Type: 0
    m_Resolution: -1
    m_CustomResolution: -1
    m_Strength: 1
    m_Bias: 0.05
    m_NormalBias: 0.4
    m_NearPlane: 0.2
    m_CullingMatrixOverride:
      e00: 1
      e01: 0
      e02: 0
      e03: 0
      e10: 0
      e11: 1
      e12: 0
      e13: 0
      e20: 0
      e21: 0
      e22: 1
      e23: 0
      e30: 0
      e31: 0
      e32: 0
      e33: 1
    m_UseCullingMatrixOverride: 0
  m_Cookie: {fileID: 0}
  m_DrawHalo: 0
  m_Flare: {fileID: 0}
  m_RenderMode: 0
  m_CullingMask:
    serializedVersion: 2
    m_Bits: 4294967295
  m_RenderingLayerMask: 1
  m_Lightmapping: 4
  m_LightShadowCasterMode: 0
  m_AreaSize: {x: 1, y: 1}
  m_BounceIntensity: 1
  m_ColorTemperature: 6570
  m_UseColorTemperature: 0
  m_BoundingSphereOverride: {x: 0, y: 0, z: 0, w: 0}
  m_UseBoundingSphereOverride: 0
  m_ShadowRadius: 0
  m_ShadowAngle: 0
--- !u!1 &8939064358159094816
GameObject:
  m_ObjectHideFlags: 0
  m_CorrespondingSourceObject: {fileID: 0}
  m_PrefabInstance: {fileID: 0}
  m_PrefabAsset: {fileID: 0}
  serializedVersion: 6
  m_Component:
  - component: {fileID: 398761261158008585}
  - component: {fileID: 748014368124121826}
  m_Layer: 9
  m_Name: Spot Light (1)
  m_TagString: Untagged
  m_Icon: {fileID: 0}
  m_NavMeshLayer: 0
  m_StaticEditorFlags: 0
  m_IsActive: 1
--- !u!4 &398761261158008585
Transform:
  m_ObjectHideFlags: 0
  m_CorrespondingSourceObject: {fileID: 0}
  m_PrefabInstance: {fileID: 0}
  m_PrefabAsset: {fileID: 0}
  m_GameObject: {fileID: 8939064358159094816}
  m_LocalRotation: {x: 0, y: 0.7071068, z: 0, w: 0.7071068}
  m_LocalPosition: {x: -10.056, y: -0.115, z: -0}
  m_LocalScale: {x: 1, y: 1, z: 1}
  m_Children: []
  m_Father: {fileID: 7920116029214512679}
  m_RootOrder: 1
  m_LocalEulerAnglesHint: {x: 0, y: 90, z: 0}
--- !u!108 &748014368124121826
Light:
  m_ObjectHideFlags: 0
  m_CorrespondingSourceObject: {fileID: 0}
  m_PrefabInstance: {fileID: 0}
  m_PrefabAsset: {fileID: 0}
  m_GameObject: {fileID: 8939064358159094816}
  m_Enabled: 1
  serializedVersion: 9
  m_Type: 0
  m_Color: {r: 1, g: 1, b: 1, a: 1}
  m_Intensity: 100
  m_Range: 10
  m_SpotAngle: 62.618206
  m_InnerSpotAngle: 21.802082
  m_CookieSize: 10
  m_Shadows:
    m_Type: 0
    m_Resolution: -1
    m_CustomResolution: -1
    m_Strength: 1
    m_Bias: 0.05
    m_NormalBias: 0.4
    m_NearPlane: 0.2
    m_CullingMatrixOverride:
      e00: 1
      e01: 0
      e02: 0
      e03: 0
      e10: 0
      e11: 1
      e12: 0
      e13: 0
      e20: 0
      e21: 0
      e22: 1
      e23: 0
      e30: 0
      e31: 0
      e32: 0
      e33: 1
    m_UseCullingMatrixOverride: 0
  m_Cookie: {fileID: 0}
  m_DrawHalo: 0
  m_Flare: {fileID: 0}
  m_RenderMode: 0
  m_CullingMask:
    serializedVersion: 2
    m_Bits: 4294967295
  m_RenderingLayerMask: 1
  m_Lightmapping: 4
  m_LightShadowCasterMode: 0
  m_AreaSize: {x: 1, y: 1}
  m_BounceIntensity: 1
  m_ColorTemperature: 6570
  m_UseColorTemperature: 0
  m_BoundingSphereOverride: {x: 0, y: 0, z: 0, w: 0}
  m_UseBoundingSphereOverride: 0
  m_ShadowRadius: 0
  m_ShadowAngle: 0
--- !u!1001 &2564941689029537207
PrefabInstance:
  m_ObjectHideFlags: 0
  serializedVersion: 2
  m_Modification:
    m_TransformParent: {fileID: 0}
    m_Modifications:
    - target: {fileID: 6724695252740585852, guid: b6e84d872cc6dc850856f5d9766b02cf,
        type: 3}
      propertyPath: m_Name
      value: Door Variant
      objectReference: {fileID: 0}
    - target: {fileID: 5652412740225432464, guid: b6e84d872cc6dc850856f5d9766b02cf,
        type: 3}
      propertyPath: m_LocalPosition.x
      value: 0
      objectReference: {fileID: 0}
    - target: {fileID: 5652412740225432464, guid: b6e84d872cc6dc850856f5d9766b02cf,
        type: 3}
      propertyPath: m_LocalPosition.y
      value: 0
      objectReference: {fileID: 0}
    - target: {fileID: 5652412740225432464, guid: b6e84d872cc6dc850856f5d9766b02cf,
        type: 3}
      propertyPath: m_LocalPosition.z
      value: 0
      objectReference: {fileID: 0}
    - target: {fileID: 5652412740225432464, guid: b6e84d872cc6dc850856f5d9766b02cf,
        type: 3}
      propertyPath: m_LocalRotation.x
      value: 0
      objectReference: {fileID: 0}
    - target: {fileID: 5652412740225432464, guid: b6e84d872cc6dc850856f5d9766b02cf,
        type: 3}
      propertyPath: m_LocalRotation.y
      value: 0.7071068
      objectReference: {fileID: 0}
    - target: {fileID: 5652412740225432464, guid: b6e84d872cc6dc850856f5d9766b02cf,
        type: 3}
      propertyPath: m_LocalRotation.z
      value: 0
      objectReference: {fileID: 0}
    - target: {fileID: 5652412740225432464, guid: b6e84d872cc6dc850856f5d9766b02cf,
        type: 3}
      propertyPath: m_LocalRotation.w
      value: 0.7071068
      objectReference: {fileID: 0}
    - target: {fileID: 5652412740225432464, guid: b6e84d872cc6dc850856f5d9766b02cf,
        type: 3}
      propertyPath: m_RootOrder
      value: 0
      objectReference: {fileID: 0}
    - target: {fileID: 5652412740225432464, guid: b6e84d872cc6dc850856f5d9766b02cf,
        type: 3}
      propertyPath: m_LocalEulerAnglesHint.x
      value: 0
      objectReference: {fileID: 0}
    - target: {fileID: 5652412740225432464, guid: b6e84d872cc6dc850856f5d9766b02cf,
        type: 3}
      propertyPath: m_LocalEulerAnglesHint.y
      value: 90
      objectReference: {fileID: 0}
    - target: {fileID: 5652412740225432464, guid: b6e84d872cc6dc850856f5d9766b02cf,
        type: 3}
      propertyPath: m_LocalEulerAnglesHint.z
      value: 0
      objectReference: {fileID: 0}
    - target: {fileID: 5652412740225432464, guid: b6e84d872cc6dc850856f5d9766b02cf,
        type: 3}
      propertyPath: m_LocalScale.z
      value: 6
      objectReference: {fileID: 0}
    m_RemovedComponents:
    - {fileID: 7032865773560728959, guid: b6e84d872cc6dc850856f5d9766b02cf, type: 3}
    - {fileID: 4691162120421339999, guid: b6e84d872cc6dc850856f5d9766b02cf, type: 3}
    - {fileID: 5461219616813868562, guid: b6e84d872cc6dc850856f5d9766b02cf, type: 3}
  m_SourcePrefab: {fileID: 100100000, guid: b6e84d872cc6dc850856f5d9766b02cf, type: 3}
--- !u!1 &9136231705070900427 stripped
GameObject:
  m_CorrespondingSourceObject: {fileID: 6724695252740585852, guid: b6e84d872cc6dc850856f5d9766b02cf,
    type: 3}
  m_PrefabInstance: {fileID: 2564941689029537207}
  m_PrefabAsset: {fileID: 0}
--- !u!4 &7920116029214512679 stripped
Transform:
  m_CorrespondingSourceObject: {fileID: 5652412740225432464, guid: b6e84d872cc6dc850856f5d9766b02cf,
    type: 3}
  m_PrefabInstance: {fileID: 2564941689029537207}
  m_PrefabAsset: {fileID: 0}
--- !u!1001 &7199735436832819703
PrefabInstance:
  m_ObjectHideFlags: 0
  serializedVersion: 2
  m_Modification:
    m_TransformParent: {fileID: 7920116029214512679}
    m_Modifications:
    - target: {fileID: 6724695252740585852, guid: b6e84d872cc6dc850856f5d9766b02cf,
        type: 3}
      propertyPath: m_Name
      value: Door
      objectReference: {fileID: 0}
    - target: {fileID: 5652412740225432464, guid: b6e84d872cc6dc850856f5d9766b02cf,
        type: 3}
      propertyPath: m_LocalPosition.x
      value: 0
      objectReference: {fileID: 0}
    - target: {fileID: 5652412740225432464, guid: b6e84d872cc6dc850856f5d9766b02cf,
        type: 3}
      propertyPath: m_LocalPosition.y
      value: 0
      objectReference: {fileID: 0}
    - target: {fileID: 5652412740225432464, guid: b6e84d872cc6dc850856f5d9766b02cf,
        type: 3}
      propertyPath: m_LocalPosition.z
      value: 0
      objectReference: {fileID: 0}
    - target: {fileID: 5652412740225432464, guid: b6e84d872cc6dc850856f5d9766b02cf,
        type: 3}
      propertyPath: m_LocalRotation.x
      value: -0
      objectReference: {fileID: 0}
    - target: {fileID: 5652412740225432464, guid: b6e84d872cc6dc850856f5d9766b02cf,
        type: 3}
      propertyPath: m_LocalRotation.y
      value: -0
      objectReference: {fileID: 0}
    - target: {fileID: 5652412740225432464, guid: b6e84d872cc6dc850856f5d9766b02cf,
        type: 3}
      propertyPath: m_LocalRotation.z
      value: -0
      objectReference: {fileID: 0}
    - target: {fileID: 5652412740225432464, guid: b6e84d872cc6dc850856f5d9766b02cf,
        type: 3}
      propertyPath: m_LocalRotation.w
      value: 1
      objectReference: {fileID: 0}
    - target: {fileID: 5652412740225432464, guid: b6e84d872cc6dc850856f5d9766b02cf,
        type: 3}
      propertyPath: m_RootOrder
      value: 2
      objectReference: {fileID: 0}
    - target: {fileID: 5652412740225432464, guid: b6e84d872cc6dc850856f5d9766b02cf,
        type: 3}
      propertyPath: m_LocalEulerAnglesHint.x
      value: 0
      objectReference: {fileID: 0}
    - target: {fileID: 5652412740225432464, guid: b6e84d872cc6dc850856f5d9766b02cf,
        type: 3}
      propertyPath: m_LocalEulerAnglesHint.y
      value: 90
      objectReference: {fileID: 0}
    - target: {fileID: 5652412740225432464, guid: b6e84d872cc6dc850856f5d9766b02cf,
        type: 3}
      propertyPath: m_LocalEulerAnglesHint.z
      value: 0
      objectReference: {fileID: 0}
    - target: {fileID: 5652412740225432464, guid: b6e84d872cc6dc850856f5d9766b02cf,
        type: 3}
      propertyPath: m_LocalScale.z
      value: 1
      objectReference: {fileID: 0}
    - target: {fileID: 5652412740225432464, guid: b6e84d872cc6dc850856f5d9766b02cf,
        type: 3}
      propertyPath: m_LocalScale.y
      value: 1
      objectReference: {fileID: 0}
    m_RemovedComponents: []
  m_SourcePrefab: {fileID: 100100000, guid: b6e84d872cc6dc850856f5d9766b02cf, type: 3}
--- !u!1 &4519489288234987659 stripped
GameObject:
  m_CorrespondingSourceObject: {fileID: 6724695252740585852, guid: b6e84d872cc6dc850856f5d9766b02cf,
    type: 3}
  m_PrefabInstance: {fileID: 7199735436832819703}
  m_PrefabAsset: {fileID: 0}
